<?xml version="1.0" encoding="UTF-8"?><collection xmlns="http://www.loc.gov/MARC21/slim"><record><leader>00545nam--2200145-i-4500</leader><controlfield tag="001">000011000</controlfield><controlfield tag="002">20161230</controlfield><controlfield tag="005">20170208152427</controlfield><controlfield tag="008">060222s1000------------r-----000-0-eng-d</controlfield><datafield ind1=" " ind2=" " tag="245"><subfield code="a">Dispozitive, circuite si componente electronice (tuburi, semiconductoare, dispozitive cuantice, elemente de circuit). Culegere de date</subfield></datafield><datafield ind1=" " ind2=" " tag="260"><subfield code="a">Bucuresti</subfield><subfield code="b">Institutul National De Informare Si Documentare Stiintifica Si Tehnica</subfield><subfield code="c">1974</subfield></datafield><datafield ind1=" " ind2=" " tag="300"><subfield code="a">83 p</subfield></datafield><datafield ind1=" " ind2=" " tag="490"><subfield code="a">Banca Centrala De Date Si Informatii</subfield></datafield><datafield ind1=" " ind2=" " tag="852"><subfield code="a">621.3:621.38</subfield></datafield><datafield ind1=" " ind2=" " tag="CAT"><subfield code="a">SYS</subfield><subfield code="c">20170208</subfield><subfield code="h">152427</subfield></datafield></record></collection>